<record><leader>00000cas a2200000 a 4500</leader><controlfield tag="001">11526389</controlfield><controlfield tag="008">841226d19311956ksuwr ne      0   a0eng d</controlfield><datafield ind1=" " ind2=" " tag="010"><subfield code="a">sn 84030423 </subfield></datafield><datafield ind1=" " ind2=" " tag="040"><subfield code="a">KSH</subfield><subfield code="b">eng</subfield><subfield code="c">KSH</subfield><subfield code="d">NPT</subfield><subfield code="d">OCL</subfield><subfield code="d">OCLCQ</subfield></datafield><datafield ind1=" " ind2=" " tag="042"><subfield code="a">msc</subfield></datafield><datafield ind1="0" ind2=" " tag="130"><subfield code="a">Bluff City news (Bluff City, Kan. : 1933)</subfield></datafield><datafield ind1="1" ind2="4" tag="245"><subfield code="a">The Bluff City news.</subfield></datafield><datafield ind1=" " ind2=" " tag="260"><subfield code="a">Bluff City, Kan. :</subfield><subfield code="b">[Mrs. Ed Strunk],</subfield><subfield code="c">-1956.</subfield></datafield><datafield ind1=" " ind2=" " tag="300"><subfield code="a">v. :</subfield><subfield code="b">ill. ;</subfield><subfield code="c">37-55 cm.</subfield></datafield><datafield ind1=" " ind2=" " tag="310"><subfield code="a">Weekly</subfield></datafield><datafield ind1="0" ind2=" " tag="362"><subfield code="a">-v. 26, no. 50 (Dec. 27, 1956).</subfield></datafield><datafield ind1="1" ind2=" " tag="362"><subfield code="a">Began in 1931.</subfield><subfield code="z">Cf. Ayer, 1935.</subfield></datafield><datafield ind1=" " ind2=" " tag="500"><subfield code="a">Published by: Alberta Brittain, Aug. 1, 1940-June, 1, 1950; Mrs. Ed Strunk, June 8, 1950-Dec. 27, 1956.</subfield></datafield><datafield ind1=" " ind2=" " tag="525"><subfield code="a">Some issues have supplements.</subfield></datafield><datafield ind1=" " ind2=" " tag="588"><subfield code="a">Description based on: Vol. 3, no. 51 (Sept. 7, 1933).</subfield></datafield><datafield ind1=" " ind2=" " tag="752"><subfield code="a">United States</subfield><subfield code="b">Kansas</subfield><subfield code="c">Harper</subfield><subfield code="d">Bluff City.</subfield></datafield><datafield ind1="0" ind2="4" tag="785"><subfield code="t">Anthony republican and the Anthony bulletin (Anthony, Kan. : 1925)</subfield><subfield code="w">(DLC)sn 84030424</subfield></datafield></record>